<?xml version="1.0" encoding="UTF-8"?><collection><record><leader>07025ntm a2200757 a 4500</leader><controlfield tag="001">006819195</controlfield><controlfield tag="003">MiAaHDL</controlfield><controlfield tag="005">20190719000000.0</controlfield><controlfield tag="006">m        d        </controlfield><controlfield tag="007">cr bn ---auaua</controlfield><controlfield tag="008">090616s193u    xx            00| ||ara d</controlfield><datafield tag="035" ind1=" " ind2=" "><subfield code="a">(MiU)006819195</subfield></datafield><datafield tag="035" ind1=" " ind2=" "><subfield code="a">sdr-miu006819195</subfield></datafield><datafield tag="040" ind1=" " ind2=" "><subfield code="a">MiU</subfield><subfield code="c">MiU</subfield><subfield code="e">amremm</subfield></datafield><datafield tag="043" ind1=" " ind2=" "><subfield code="a">n-us-mi</subfield></datafield><datafield tag="100" ind1="0" ind2=" "><subfield code="6">880-01</subfield><subfield code="a">Avicenna,</subfield><subfield code="d">980-1037.</subfield></datafield><datafield tag="240" ind1="1" ind2="0"><subfield code="6">880-02</subfield><subfield code="a">Ṭabīʻīyāt.</subfield><subfield code="k">Selections</subfield></datafield><datafield tag="245" ind1="1" ind2="0"><subfield code="6">880-03</subfield><subfield code="a">[Mukhtārāt min al-Ṭabīʻīyāt ... etc.,</subfield><subfield code="f">193-?].</subfield></datafield><datafield tag="246" ind1="3" ind2="8"><subfield code="a">بقاء النفس</subfield></datafield><datafield tag="246" ind1="3" ind2=" "><subfield code="i">Title from inscription on 'title page' (p.1):</subfield><subfield code="a">بقاء النفس لابي علي بن سينا</subfield></datafield><datafield tag="260" ind1=" " ind2=" "><subfield code="c">[193-?].</subfield></datafield><datafield tag="300" ind1=" " ind2=" "><subfield code="a">240 leaves :</subfield><subfield code="b">paper ;</subfield><subfield code="c">310 x 210 mm. bound to 321 x 222 mm.</subfield></datafield><datafield tag="500" ind1=" " ind2=" "><subfield code="a">Shelfmark: Ann Arbor, University of Michigan, Special Collections Library, Isl. Ms. 916</subfield></datafield><datafield tag="500" ind1=" " ind2=" "><subfield code="a">Origin: Lacks dated colophon ; likely copied in Egypt in the late 1930s and bound for James Heyworth-Dunne (d.1974).</subfield></datafield><datafield tag="500" ind1=" " ind2=" "><subfield code="a">Former shelfmark: Mich. Isl. Ms. temp. no. 65</subfield></datafield><datafield tag="500" ind1=" " ind2=" "><subfield code="a">Binding: Boards covered in dark green cloth with dark green leather over spine (quarter binding) ; pastedowns and flyleaves in wove paper printed with a floral vegetal pattern in green ; spine gold-stamped with title and decorative accents over raised bands "بقاء النفس ابن سمنا [كذا]| J.H.D." ; sewing difficult to examine, but appears to be over three recessed cords ; stuck-on endbands (blue and white stripe) ; overall in fairly good condition.</subfield></datafield><datafield tag="500" ind1=" " ind2=" "><subfield code="a">Support: Lined / ruled wove paper of at least two different types.</subfield></datafield><datafield tag="500" ind1=" " ind2=" "><subfield code="a">Decoration: Section headings and keywords rubricated or in purple ink (multiple shades of red also used).</subfield></datafield><datafield tag="500" ind1=" " ind2=" "><subfield code="a">Script: Ruqʻah ; two or three compact hands ; opening hand (also supplying a few other sections) quite neat and carefully executed in a bold line, serifless and freely ligatured with mainly closed counters, strong horizontal character adhering consistently to the baseline, pointing somewhat careless and in strokes rather than distinct dots ; section headings in naskh or tawqīʻ ; from p.19 to p.178, a quick hand in a medium line with slight effect of inclination to the right ; from p.179 to close, hand similar to the opening hand but in a much thinner line.</subfield></datafield><datafield tag="500" ind1=" " ind2=" "><subfield code="a">Layout: Written mainly in 25 lines per page.</subfield></datafield><datafield tag="500" ind1=" " ind2=" "><subfield code="a">Collation: In section carrying Kitāb al-Samāʻ wa al-ʻālam, pagination in black ink, Hindu-Arabic numerals (appearing on every other page) and one quire numbered (see p.219) ; in section carrying draft treatise on modern philosophy, (p.237 to close) verso of each leaf left blank and foliation in black ink, Hindu-Arabic numerals ; pagination in pencil, Western numerals, supplied during digitization (mistakenly repeats p.291 two additional times).</subfield></datafield><datafield tag="500" ind1=" " ind2=" "><subfield code="a">Explicit: "ذلك الصفيع الذي كان هو القدح المعلي في خلال وغضون النصف الاخير من القرن التاسع عشر تم الكتاب"</subfield></datafield><datafield tag="500" ind1=" " ind2=" "><subfield code="a">Incipit: "قد استوفينا الكلام في الفن الاول على الامور العامة في الطبيعيات ثم تلوناه بالفن الثاني في الأجرام السماوية والعالم والصور والحركات الأولى في عالم الطبيعية وحققنا أحوال الأجسام التي تفسد والتي لا تفسد ثم تلوناه بالكلام على الكون والفساد وأسطقساته ثم تلوناه بالكلام على أفعال الكيفيات الأولى وانفعالاتها والأمزجة المتولدة عنها وبقى علينا ان نتكلم على امور الكائنة ..."</subfield></datafield><datafield tag="500" ind1=" " ind2=" "><subfield code="a">Title supplied by cataloguer from rubricated heading at opening on p.2.</subfield></datafield><datafield tag="500" ind1=" " ind2=" "><subfield code="a">Ms. codex.</subfield></datafield><datafield tag="505" ind1="0" ind2=" "><subfield code="a">12. 3. p.237-p.477 : Madkhal al-falsafah al-ḥadīthah.</subfield></datafield><datafield tag="505" ind1="0" ind2=" "><subfield code="a">11. 2. p.235-p.236 : [blank].</subfield></datafield><datafield tag="505" ind1="0" ind2=" "><subfield code="a">10. p.233-234 : [excerpt from al-Kawn wa-al-fasād] / Ibn Sīnā.</subfield></datafield><datafield tag="505" ind1="0" ind2=" "><subfield code="a">9. p.232 : [blank].</subfield></datafield><datafield tag="505" ind1="0" ind2=" "><subfield code="a">8. p.231 : [title page for al-Nabāt].</subfield></datafield><datafield tag="505" ind1="0" ind2=" "><subfield code="a">7. p.179-p.230 : al-Fann al-thānī min Ṭabīʻīyāt al-Shifāʼ fī al-Samāʻ wa al-ʻālam / Ibn Sīnā.</subfield></datafield><datafield tag="505" ind1="0" ind2=" "><subfield code="a">6.19-p.178 : [excerpt from what appears to be a work on ʻilm al-kalām, opening in the second chapter and continuing with al-Iʻrāḍ, al-Jawāhir, al-Ilāhīyāt, and al-Samʻīyāt and concluding with a preface for the excerpt, followed by the introduction and first chapter, al-Umūr al-ʻāmmah].</subfield></datafield><datafield tag="505" ind1="0" ind2=" "><subfield code="a">5. p.17-p.18 : [excerpt from Kitāb al-Nafs] / Ibn Sīnā.</subfield></datafield><datafield tag="505" ind1="0" ind2=" "><subfield code="a">4. p.16 : [blank].</subfield></datafield><datafield tag="505" ind1="0" ind2=" "><subfield code="a">3. p.15 : [excerpt from] al-Fann al-thāmin fī al-Ḥayawān min jumlat al-Ṭabīʻīyāt / Ibn Sīnā.</subfield></datafield><datafield tag="505" ind1="0" ind2=" "><subfield code="a">2. p.3-p.14 : [excerpt from al-Nabāt] / Ibn Sīnā.</subfield></datafield><datafield tag="505" ind1="0" ind2=" "><subfield code="a">1. p.2 : [excerpt from Kitāb al-Nafs] / Ibn Sīnā.</subfield></datafield><datafield tag="510" ind1="4" ind2=" "><subfield code="a">Brockelmann, C. GAL,</subfield><subfield code="c">I 452 ff. ; S I 816</subfield></datafield><datafield tag="520" ind1="8" ind2=" "><subfield code="a">Careful copy of assorted excerpts from al-Ṭabīʻīyāt, the section on natural sciences from Ibn Sīnā's Kitāb al-Shifāʼ, opening with excerpts from Kitāb al-Nafs (fann 6), al-Nabāt (fann 7), al-Ḥayawān (fann 8), al-Samāʻ wa al-ʻālam (fann 2), and al-Kawn wa-al-fasād (fann 3) and bound together with what appears to be a work on ʻilm al-kalām, as well as a working draft of an anonymous treatise on modern philosophy, addressing Hegel, etc., the opening page of which appears to have been mistakenly bound into Isl. Ms. 913 (see p.3 of that volume).</subfield></datafield><datafield tag="538" ind1=" " ind2=" "><subfield code="a">Mode of access: Internet.</subfield></datafield><datafield tag="541" ind1=" " ind2=" "><subfield code="a">Acquired in the Fall of 1950.</subfield></datafield><datafield tag="546" ind1=" " ind2=" "><subfield code="a">Arabic.</subfield></datafield><datafield tag="561" ind1=" " ind2=" "><subfield code="a">On upper pastedown label with ex libris of James Heyworth-Dunne (d.1974), stamped with inventory number, "Ex Libris | J. Heyworth-Dunne | D. Lit. (London) | No 7957" ; UM Library inscription on p.3 "Dunning | Heyworth-Dunne | 6-13-51 | 71955" ; possible former inventory mark in pencil on verso of final leaf (p.478) "231 / 53" ; marginal glosses ; interlinear corrections (in lavender pencil, mainly in draft work from p.237 to close).</subfield></datafield><datafield tag="650" ind1=" " ind2="0"><subfield code="a">Manuscripts, Arabic</subfield><subfield code="z">Michigan</subfield><subfield code="z">Ann Arbor.</subfield></datafield><datafield tag="650" ind1=" " ind2="0"><subfield code="a">Philosophy, Modern.</subfield></datafield><datafield tag="650" ind1=" " ind2="0"><subfield code="a">Islamic philosophy</subfield><subfield code="v">Early works to 1800.</subfield></datafield><datafield tag="650" ind1=" " ind2="0"><subfield code="a">Botany</subfield><subfield code="v">Early works to 1800.</subfield></datafield><datafield tag="650" ind1=" " ind2="0"><subfield code="a">Islamic cosmology</subfield><subfield code="v">Early works to 1800.</subfield></datafield><datafield tag="650" ind1=" " ind2="0"><subfield code="a">Biology</subfield><subfield code="v">Early works to 1800.</subfield></datafield><datafield tag="650" ind1=" " ind2="0"><subfield code="a">Psychology</subfield><subfield code="v">Early works to 1850.</subfield></datafield><datafield tag="650" ind1=" " ind2="0"><subfield code="a">Soul</subfield><subfield code="v">Early works to 1800.</subfield></datafield><datafield tag="700" ind1="1" ind2=" "><subfield code="a">Heyworth-Dunne, J.</subfield><subfield code="q">(James),</subfield><subfield code="e">former owner.</subfield></datafield><datafield tag="773" ind1="0" ind2=" "><subfield code="a">Heyworth-Dunne Collection.</subfield></datafield><datafield tag="880" ind1="1" ind2="0"><subfield code="6">245-03/</subfield><subfield code="a">[مختارات من الطبيعيات ... الخ,</subfield><subfield code="f">193-م؟].</subfield></datafield><datafield tag="880" ind1="1" ind2="0"><subfield code="6">240-02/</subfield><subfield code="a">طبيعيات.</subfield><subfield code="k">مختارات</subfield></datafield><datafield tag="880" ind1="0" ind2=" "><subfield code="6">100-01/</subfield><subfield code="a">ابن سينا</subfield></datafield><datafield tag="CID" ind1=" " ind2=" "><subfield code="a">006819195</subfield></datafield><datafield tag="DAT" ind1="0" ind2=" "><subfield code="a">20190719102639.0</subfield><subfield code="b">20190719000000.0</subfield></datafield><datafield tag="DAT" ind1="1" ind2=" "><subfield code="a">20190719090653.0</subfield><subfield code="b">2019-07-19T16:12:04Z</subfield></datafield><datafield tag="DAT" ind1="2" ind2=" "><subfield code="a">2015-10-02T18:00:03Z</subfield></datafield><datafield tag="CAT" ind1=" " ind2=" "><subfield code="a">SDR-MIU</subfield><subfield code="d">EX LIBRIS - ALEPH</subfield><subfield code="l">prepare.pl-004-008</subfield></datafield><datafield tag="FMT" ind1=" " ind2=" "><subfield code="a">BK</subfield></datafield><datafield tag="HOL" ind1=" " ind2=" "><subfield code="0">sdr-miu006819195</subfield><subfield code="a">MiU</subfield><subfield code="b">SDR</subfield><subfield code="c">MIU</subfield><subfield code="p">mdp.39015079130319</subfield><subfield code="s">MIU</subfield><subfield code="1">006819195</subfield></datafield><datafield tag="974" ind1=" " ind2=" "><subfield code="b">MIU</subfield><subfield code="c">MIU</subfield><subfield code="d">20190719</subfield><subfield code="s">lit-dlps-dc</subfield><subfield code="u">mdp.39015079130319</subfield><subfield code="y">1939</subfield><subfield code="r">ic-world</subfield><subfield code="q">man</subfield></datafield></record></collection>